<record><leader>00000cas a22000007a 4500</leader><controlfield tag="001">9736981</controlfield><controlfield tag="008">830725d18891922pauwr ne      0    0yidod</controlfield><datafield ind1=" " ind2=" " tag="010"><subfield code="a">sn 83045848 </subfield></datafield><datafield ind1=" " ind2=" " tag="040"><subfield code="a">CRL</subfield><subfield code="b">eng</subfield><subfield code="c">CRL</subfield><subfield code="d">NPW</subfield><subfield code="d">NPH</subfield><subfield code="d">YOX</subfield><subfield code="d">OCLCQ</subfield><subfield code="d">KRTAS</subfield><subfield code="d">OCLCQ</subfield><subfield code="d">OCLCF</subfield><subfield code="d">OCLCO</subfield></datafield><datafield ind1="1" ind2=" " tag="029"><subfield code="a">AU@</subfield><subfield code="b">000025818762</subfield></datafield><datafield ind1="0" ind2=" " tag="041"><subfield code="a">yidheb</subfield></datafield><datafield ind1=" " ind2=" " tag="042"><subfield code="a">msc</subfield></datafield><datafield ind1=" " ind2=" " tag="043"><subfield code="a">n-us---</subfield></datafield><datafield ind1="0" ind2="4" tag="245"><subfield code="a">Der Folk&#803;sfreynd =</subfield><subfield code="b">The Volksfreund.</subfield></datafield><datafield ind1="3" ind2="1" tag="246"><subfield code="a">Volksfreund</subfield></datafield><datafield ind1=" " ind2=" " tag="260"><subfield code="a">Pittsburg, Pa. :</subfield><subfield code="b">Y.Z. Glick,</subfield><subfield code="c">-1922.</subfield></datafield><datafield ind1=" " ind2=" " tag="300"><subfield code="a">v. :</subfield><subfield code="b">ill. (chiefly advertisements)</subfield></datafield><datafield ind1=" " ind2=" " tag="310"><subfield code="a">Weekly</subfield></datafield><datafield ind1="1" ind2=" " tag="362"><subfield code="a">Began 1889.</subfield><subfield code="z">Cf. Gregory, Amer. newspapers.</subfield></datafield><datafield ind1="0" ind2=" " tag="362"><subfield code="a">-v. 35, no. 1715 (June 30, 1922).</subfield></datafield><datafield ind1=" " ind2=" " tag="521"><subfield code="a">"A Jewish weekly."</subfield></datafield><datafield ind1=" " ind2=" " tag="546"><subfield code="a">In Yiddish and Hebrew.</subfield></datafield><datafield ind1=" " ind2=" " tag="588"><subfield code="a">Description based on: Yohrg. 4, num. 136 (V&#803;ayigash 652 [Jan. 15, 1892]).</subfield></datafield><datafield ind1=" " ind2="0" tag="650"><subfield code="a">Jewish newspapers</subfield><subfield code="z">United States.</subfield></datafield><datafield ind1=" " ind2="7" tag="650"><subfield code="a">Jewish newspapers.</subfield><subfield code="2">fast</subfield><subfield code="0">(OCoLC)fst00982872</subfield></datafield><datafield ind1=" " ind2="7" tag="651"><subfield code="a">United States.</subfield><subfield code="2">fast</subfield><subfield code="0">(OCoLC)fst01204155</subfield></datafield><datafield ind1=" " ind2=" " tag="752"><subfield code="a">United States</subfield><subfield code="b">Pennsylvania</subfield><subfield code="c">Allegheny</subfield><subfield code="d">Pittsburgh.</subfield></datafield><datafield ind1="0" ind2="0" tag="785"><subfield code="t">Idisher folk&#803;sfreynd</subfield><subfield code="w">(DLC)sn 83045847</subfield><subfield code="w">(OCoLC)9735285</subfield></datafield><datafield ind1=" " ind2=" " tag="938"><subfield code="a">Kirtas Technologies, Inc.</subfield><subfield code="b">KRTS</subfield><subfield code="n">737158</subfield></datafield></record>